<?xml version="1.0" encoding="UTF-8"?><collection xmlns="http://www.loc.gov/MARC21/slim"><record><leader>00362nam--2200109-i-4500</leader><controlfield tag="001">000003081</controlfield><controlfield tag="002">20161230</controlfield><controlfield tag="005">20161230201025</controlfield><controlfield tag="008">060222s1000------------r-----000-0-eng-d</controlfield><datafield ind1=" " ind2=" " tag="100"><subfield code="a">Charles,V</subfield></datafield><datafield ind1=" " ind2=" " tag="245"><subfield code="a">Problemes elementaires de physique atomique et de chimie nucleaire avec tableaux et solu tions.preface de ch.noel martin</subfield></datafield><datafield ind1=" " ind2=" " tag="260"><subfield code="a">Paris,Gauthier Villars,1955. 145p</subfield></datafield></record></collection>